<record xmlns:xsi="http://www.w3.org/2001/XMLSchema-instance" xmlns="http://www.loc.gov/MARC21/slim" xsi:schemaLocation="http://www.loc.gov/MARC21/slim http://www.loc.gov/standards/marcxml/schema/MARC21slim.xsd">

  <leader>00526nam a2200169Ia 4500</leader>
  <controlfield tag="008">150818b1976    s  ||||| |||| 00| | spa d</controlfield>
  <datafield ind2=" " ind1=" " tag="020">
    <subfield code="a">8472140903</subfield>
  </datafield>
  <datafield ind2=" " ind1=" " tag="090">
    <subfield code="a">R 15.01.01 </subfield>
    <subfield code="b">920</subfield>
  </datafield>
  <datafield ind1="1" ind2=" " tag="100">
    <subfield code="a">Haensch, Günther</subfield>
    <subfield code="9">898</subfield>
  </datafield>
  <datafield tag="245" ind2="0" ind1="1">
    <subfield code="a">Diccionario de Biología / </subfield>
    <subfield code="c">Günther Haensch; Gisela Haberkamp de Antón</subfield>
  </datafield>
  <datafield tag="260" ind1=" " ind2=" ">
    <subfield code="a">Madrid, España : </subfield>
    <subfield code="b">H.Blume Ediciones Rosario, </subfield>
    <subfield code="c">1976</subfield>
  </datafield>
  <datafield ind2=" " ind1=" " tag="300">
    <subfield code="a">483 páginas</subfield>
  </datafield>
  <datafield tag="650" ind2="4" ind1="1">
    <subfield code="a">BIOLOGÍA</subfield>
    <subfield code="9">40</subfield>
  </datafield>
  <datafield ind2="4" ind1="1" tag="650">
    <subfield code="9">34</subfield>
    <subfield code="a">DICCIONARIOS</subfield>
  </datafield>
  <datafield ind2=" " ind1=" " tag="700">
    <subfield code="a">Haberkamp de Antón, Gisela</subfield>
    <subfield code="9">899</subfield>
  </datafield>
  <datafield tag="942" ind2=" " ind1=" ">
    <subfield code="2">z</subfield>
    <subfield code="c">01</subfield>
  </datafield>
  <datafield tag="999" ind2=" " ind1=" ">
    <subfield code="c">230</subfield>
    <subfield code="d">230</subfield>
  </datafield>
</record>